@book{Voorhees:2005:TEE:1121636,
 author = {Voorhees, Ellen M. and Harman, Donna K.},
 title = {TREC: Experiment and Evaluation in Information Retrieval (Digital Libraries and Electronic Publishing)},
 year = {2005},
 isbn = {0262220733},
 publisher = {The MIT Press},
} 

@article{Zhai:2004:SSM:984321.984322,
 author = {Zhai, Chengxiang and Lafferty, John},
 title = {A Study of Smoothing Methods for Language Models Applied to Information Retrieval},
 journal = {ACM Trans. Inf. Syst.},
 issue_date = {April 2004},
 volume = {22},
 number = {2},
 month = apr,
 year = {2004},
 issn = {1046-8188},
 pages = {179--214},
 numpages = {36},
 acmid = {984322},
 publisher = {ACM},
 address = {New York, NY, USA},
 keywords = {Dirichlet prior smoothing, EM algorithm, Jelinek--Mercer smoothing, Statistical language models, TF-IDF weighting, absolute discounting smoothing, backoff smoothing, interpolation smoothing, leave-one-out, risk minimization, term weighting, two-stage smoothing},
} 

@inproceedings{Zhai:2002:TLM:564376.564387,
 author = {Zhai, ChengXiang and Lafferty, John},
 title = {Two-stage Language Models for Information Retrieval},
 booktitle = {Proceedings of the 25th Annual International ACM SIGIR Conference on Research and Development in Information Retrieval},
 series = {SIGIR '02},
 year = {2002},
 isbn = {1-58113-561-0},
 location = {Tampere, Finland},
 pages = {49--56},
 numpages = {8},
 acmid = {564387},
 publisher = {ACM},
 address = {New York, NY, USA},
 keywords = {Dirichlet prior, interpolation, leave-one-out, mixture model, parameter estimation, risk minimization, two-stage language models, two-stage smoothing},
} 

@inproceedings{Singhal:1996:PDL:243199.243206,
 author = {Singhal, Amit and Buckley, Chris and Mitra, Mandar},
 title = {Pivoted Document Length Normalization},
 booktitle = {Proceedings of the 19th Annual International ACM SIGIR Conference on Research and Development in Information Retrieval},
 series = {SIGIR '96},
 year = {1996},
 isbn = {0-89791-792-8},
 location = {Zurich, Switzerland},
 pages = {21--29},
 numpages = {9},
 acmid = {243206},
 publisher = {ACM},
 address = {New York, NY, USA},
} 

@inproceedings{Metzler:2004:FMM:1008992.1009110,
 author = {Metzler, Donald and Lavrenko, Victor and Croft, W. Bruce},
 title = {Formal Multiple-bernoulli Models for Language Modeling},
 booktitle = {Proceedings of the 27th Annual International ACM SIGIR Conference on Research and Development in Information Retrieval},
 series = {SIGIR '04},
 year = {2004},
 isbn = {1-58113-881-4},
 location = {Sheffield, United Kingdom},
 pages = {540--541},
 numpages = {2},
 acmid = {1009110},
 publisher = {ACM},
 address = {New York, NY, USA},
 keywords = {information retrieval, language modeling},
}

@article{Amati:2002:PMI:582415.582416,
 author = {Amati, Gianni and Van Rijsbergen, Cornelis Joost},
 title = {Probabilistic Models of Information Retrieval Based on Measuring the Divergence from Randomness},
 journal = {ACM Trans. Inf. Syst.},
 issue_date = {2002},
 volume = {20},
 number = {4},
 year = {2002},
 issn = {1046-8188},
 pages = {357--389},
 numpages = {33},
 acmid = {582416},
 publisher = {ACM},
 address = {New York, NY, USA},
 keywords = {Aftereffect model, BM25, Bose--Einstein statistics, Laplace, Poisson, binomial law, document length normalization, eliteness, idf, information retrieval, probabilistic models, randomness, succession law, term frequency normalization, term weighting},
} 

@inproceedings{He:2005:SDP:1076034.1076114,
 author = {He, Ben and Ounis, Iadh},
 title = {A Study of the Dirichlet Priors for Term Frequency Normalisation},
 booktitle = {Proceedings of the 28th Annual International ACM SIGIR Conference on Research and Development in Information Retrieval},
 series = {SIGIR '05},
 year = {2005},
 isbn = {1-59593-034-5},
 location = {Salvador, Brazil},
 pages = {465--471},
 numpages = {7},
 acmid = {1076114},
 publisher = {ACM},
 address = {New York, NY, USA},
 keywords = {dirichlet priors, term frequency normalisation, weighting model},
}

@INPROCEEDINGS{Robertson96okapiat2,
    author = {S E Robertson and S Walker and S Jones and M M Hancock-Beaulieu and M Gatford},
    title = {Okapi at TREC-2},
    booktitle = {In The Second Text REtrieval Conference (TREC-2), NIST Special Publication 500-215},
    year = {1996},
    pages = {21--34}
}

@INPROCEEDINGS{Robertson96okapiat3,
    author = {S.E. Robertson and S. Walker and S. Jones and M.M. Hancock-Beaulieu and M. Gatford},
    title = {Okapi at TREC-3},
    booktitle = {},
    year = {1996},
    pages = {109--126}
}

@inproceedings{Zhu:2009:RBM:1571941.1571961,
 author = {Zhu, Jianhan and Wang, Jun and Cox, Ingemar J. and Taylor, Michael J.},
 title = {Risky Business: Modeling and Exploiting Uncertainty in Information Retrieval},
 booktitle = {Proceedings of the 32Nd International ACM SIGIR Conference on Research and Development in Information Retrieval},
 series = {SIGIR '09},
 year = {2009},
 isbn = {978-1-60558-483-6},
 location = {Boston, MA, USA},
 pages = {99--106},
 numpages = {8},
 acmid = {1571961},
 publisher = {ACM},
 address = {New York, NY, USA},
 keywords = {language models, loss functions, probabilistic retrieval models, probability ranking principle, risk adjustment},
}

@inproceedings{deVries:2005:RIL:1076034.1076084,
 author = {de Vries, Arjen P. and Roelleke, Thomas},
 title = {Relevance Information: A Loss of Entropy but a Gain for IDF?},
 booktitle = {Proceedings of the 28th Annual International ACM SIGIR Conference on Research and Development in Information Retrieval},
 series = {SIGIR '05},
 year = {2005},
 isbn = {1-59593-034-5},
 location = {Salvador, Brazil},
 pages = {282--289},
 numpages = {8},
 acmid = {1076084},
 publisher = {ACM},
 address = {New York, NY, USA},
 keywords = {binary independent retrieval model, information retrieval, inverse document frequency, probability of relevance, relevance feedback},
} 

@inproceedings{Fang:2005:EAA:1076034.1076116,
 author = {Fang, Hui and Zhai, ChengXiang},
 title = {An Exploration of Axiomatic Approaches to Information Retrieval},
 booktitle = {Proceedings of the 28th Annual International ACM SIGIR Conference on Research and Development in Information Retrieval},
 series = {SIGIR '05},
 year = {2005},
 isbn = {1-59593-034-5},
 location = {Salvador, Brazil},
 pages = {480--487},
 numpages = {8},
 acmid = {1076116},
 publisher = {ACM},
 address = {New York, NY, USA},
 keywords = {TF-IDF weighting, asxiomatic model, constraints, formal models, retrieval heuristics},
}

@inproceedings{Metzler:2008:GID:1458082.1458137,
 author = {Metzler, Donald},
 title = {Generalized Inverse Document Frequency},
 booktitle = {Proceedings of the 17th ACM Conference on Information and Knowledge Management},
 series = {CIKM '08},
 year = {2008},
 isbn = {978-1-59593-991-3},
 location = {Napa Valley, California, USA},
 pages = {399--408},
 numpages = {10},
 acmid = {1458137},
 publisher = {ACM},
 address = {New York, NY, USA},
 keywords = {estimation, formal models, inverse document frequency},
}

@inproceedings{Clinchant:2010:IMA:1835449.1835490,
 author = {Clinchant, St{\'e}phane and Gaussier, Eric},
 title = {Information-based Models for Ad Hoc IR},
 booktitle = {Proceedings of the 33rd International ACM SIGIR Conference on Research and Development in Information Retrieval},
 series = {SIGIR '10},
 year = {2010},
 isbn = {978-1-4503-0153-4},
 location = {Geneva, Switzerland},
 pages = {234--241},
 numpages = {8},
 acmid = {1835490},
 publisher = {ACM},
 address = {New York, NY, USA},
 keywords = {burstiness, information-based models, log-logistic, power laws, pseudo-relevance feedback, retrieval constraints},
}

@inproceedings{Paik:2013:NTW:2484028.2484070,
 author = {Paik, Jiaul H.},
 title = {A Novel TF-IDF Weighting Scheme for Effective Ranking},
 booktitle = {Proceedings of the 36th International ACM SIGIR Conference on Research and Development in Information Retrieval},
 series = {SIGIR '13},
 year = {2013},
 isbn = {978-1-4503-2034-4},
 location = {Dublin, Ireland},
 pages = {343--352},
 numpages = {10},
 acmid = {2484070},
 publisher = {ACM},
 address = {New York, NY, USA},
 keywords = {document ranking, retrieval model, term weighting},
}

@inproceedings{Lv:2011:LTF:2063576.2063584,
 author = {Lv, Yuanhua and Zhai, ChengXiang},
 title = {Lower-bounding Term Frequency Normalization},
 booktitle = {Proceedings of the 20th ACM International Conference on Information and Knowledge Management},
 series = {CIKM '11},
 year = {2011},
 isbn = {978-1-4503-0717-8},
 location = {Glasgow, Scotland, UK},
 pages = {7--16},
 numpages = {10},
 acmid = {2063584},
 publisher = {ACM},
 address = {New York, NY, USA},
 keywords = {BM25+, DIR+, Pl2+, data analysis, document length, formal constraints, lower bound, term frequency},
}

@inproceedings{Robertson:1995:LTC:208211.204458,
 author = {Robertson, S. E. and Walker, S. and Hancock-Beaulieu, M. M.},
 title = {Large Test Collection Experiments on an Operational, Interactive System: Okapi at TREC},
 booktitle = {Proceedings of the Second Conference on Text Retrieval Conference},
 series = {TREC-2},
 year = {1995},
 location = {Washington, D.C., USA},
 pages = {345--360},
 numpages = {16},
 acmid = {204458},
 publisher = {Pergamon Press, Inc.},
 address = {Elmsford, NY, USA},
}

@inproceedings{Franz:2000:WDD:345508.345641,
 author = {Franz, Martin and McCarley, J. Scott},
 title = {Word Document Density and Relevance Scoring (Poster Session)},
 booktitle = {Proceedings of the 23rd Annual International ACM SIGIR Conference on Research and Development in Information Retrieval},
 series = {SIGIR '00},
 year = {2000},
 isbn = {1-58113-226-3},
 location = {Athens, Greece},
 pages = {345--347},
 numpages = {3},
 acmid = {345641},
 publisher = {ACM},
 address = {New York, NY, USA},
} 

@INPROCEEDINGS{Buckley94automaticrouting,
    author = {Chris Buckley and James Allan and Gerard Salton},
    title = {Automatic Routing and Ad-hoc Retrieval Using SMART : TREC 2},
    booktitle = {Proceedings of the Second Text REtrieval Conference (TREC-2), pages 45--56. NIST Special Publication},
    year = {1994},
    pages = {45--56}
}

@inproceedings{Fang:2014:VWV:2600428.2611178,
 author = {Fang, Hui and Wu, Hao and Yang, Peilin and Zhai, ChengXiang},
 title = {VIRLab: A Web-based Virtual Lab for Learning and Studying Information Retrieval Models},
 booktitle = {Proceedings of the 37th International ACM SIGIR Conference on Research \& Development in Information Retrieval},
 series = {SIGIR '14},
 year = {2014},
 isbn = {978-1-4503-2257-7},
 location = {Gold Coast, Queensland, Australia},
 pages = {1249--1250},
 numpages = {2},
 doi = {10.1145/2600428.2611178},
 acmid = {2611178},
 publisher = {ACM},
 address = {New York, NY, USA},
 keywords = {ir models, teaching, virtual lab},
}

@incollection{rao:ecir:2015,
year={2015},
isbn={978-3-319-16353-6},
booktitle={Advances in Information Retrieval},
volume={9022},
series={Lecture Notes in Computer Science},
editor={Hanbury, Allan and Kazai, Gabriella and Rauber, Andreas and Fuhr, Norbert},
title={Reproducible Experiments on Lexical and Temporal Feedback for Tweet Search},
publisher={Springer International Publishing},
keywords={TREC Microblog; evaluation as a service; search API},
author={Rao, Jinfeng and Lin, Jimmy and Efron, Miles},
pages={755-767},
language={English}
}

@inproceedings{DBLP:conf/trec/ClarkeCV09,
  author    = {Charles L. A. Clarke and
               Nick Craswell and
               Ian Soboroff},
  title     = {Overview of the {TREC} 2009 Web Track},
  booktitle = {Proceedings of The Eighteenth Text REtrieval Conference, {TREC}
               2009},
  year      = {2009}
}

@inproceedings{DBLP:conf/trec/ClarkeCV10,
  author    = {Charles L. A. Clarke and
               Nick Craswell and
               Ian Soboroff},
  title     = {Overview of the {TREC} 2010 Web Track},
  booktitle = {Proceedings of The Nineteenth Text REtrieval Conference, {TREC}
               2010},
  year      = {2010}
}

@inproceedings{DBLP:conf/trec/ClarkeCV11,
  author    = {Charles L. A. Clarke and
               Nick Craswell and
               Ian Soboroff},
  title     = {Overview of the {TREC} 2011 Web Track},
  booktitle = {Proceedings of The Twentieth Text REtrieval Conference, {TREC}
               2011},
  year      = {2011}
}

@inproceedings{DBLP:conf/trec/ClarkeCV12,
  author    = {Charles L. A. Clarke and
               Nick Craswell and
               Ellen M. Voorhees},
  title     = {Overview of the {TREC} 2012 Web Track},
  booktitle = {Proceedings of The Twenty-First Text REtrieval Conference, {TREC}
               2012},
  year      = {2012}
}

@inproceedings{DBLP:conf/trec/web13,
  author    = {Kevyn Collins-Thompson and 
	       Paul Bennett and 
               Fernando Diaz and 
               Charles L. A. Clarke and 
               Ellen M. Voorhees},
  title     = {TREC 2013 Web Track Overview},
  booktitle = {Proceedings of The Twenty-Second Text REtrieval Conference, {TREC}
               2013},
  year      = {2013}
}

@inproceedings{DBLP:conf/trec/web14,
  author    = {Kevyn Collins-Thompson and 
               Craig Macdonald
	       Paul Bennett and 
               Fernando Diaz and 
               Ellen M. Voorhees},
  title     = {TREC 2014 Web Track Overview},
  booktitle = {Proceedings of The Twenty-Third Text REtrieval Conference, {TREC}
               2014},
  year      = {2014}
}

@inproceedings{Armstrong:2009:ARI:1571941.1572081,
 author = {Armstrong, Timothy G. and Moffat, Alistair and Webber, William and Zobel, Justin},
 title = {Has Adhoc Retrieval Improved Since 1994?},
 booktitle = {Proceedings of the 32Nd International ACM SIGIR Conference on Research and Development in Information Retrieval},
 series = {SIGIR '09},
 year = {2009},
 isbn = {978-1-60558-483-6},
 location = {Boston, MA, USA},
 pages = {692--693},
 numpages = {2},
 url = {http://doi.acm.org/10.1145/1571941.1572081},
 doi = {10.1145/1571941.1572081},
 acmid = {1572081},
 publisher = {ACM},
 address = {New York, NY, USA},
}

@inproceedings{Armstrong:2009:IDA:1645953.1646031,
 author = {Armstrong, Timothy G. and Moffat, Alistair and Webber, William and Zobel, Justin},
 title = {Improvements That Don'T Add Up: Ad-hoc Retrieval Results Since 1998},
 booktitle = {Proceedings of the 18th ACM Conference on Information and Knowledge Management},
 series = {CIKM '09},
 year = {2009},
 isbn = {978-1-60558-512-3},
 location = {Hong Kong, China},
 pages = {601--610},
 numpages = {10},
 url = {http://doi.acm.org/10.1145/1645953.1646031},
 doi = {10.1145/1645953.1646031},
 acmid = {1646031},
 publisher = {ACM},
 address = {New York, NY, USA},
 keywords = {evaluation, retrieval experiment, survey, system measurement},
}

@inproceedings{Arguello:2015:SWR:2766462.2767858,
 author = {Arguello, Jaime and Diaz, Fernando and Lin, Jimmy and Trotman, Andrew},
 title = {SIGIR 2015 Workshop on Reproducibility, Inexplicability, and Generalizability of Results (RIGOR)},
 booktitle = {Proceedings of the 38th International ACM SIGIR Conference on Research and Development in Information Retrieval},
 series = {SIGIR '15},
 year = {2015},
 isbn = {978-1-4503-3621-5},
 location = {Santiago, Chile},
 pages = {1147--1148},
 numpages = {2},
 url = {http://doi.acm.org/10.1145/2766462.2767858},
 doi = {10.1145/2766462.2767858},
 acmid = {2767858},
 publisher = {ACM},
 address = {New York, NY, USA},
 keywords = {evaluation, negative results},
}

@inproceedings{Muhleisen:2014:ODG:2600428.2609460,
 author = {M\"{u}hleisen, Hannes and Samar, Thaer and Lin, Jimmy and de Vries, Arjen},
 title = {Old Dogs Are Great at New Tricks: Column Stores for Ir Prototyping},
 booktitle = {Proceedings of the 37th International ACM SIGIR Conference on Research \&\#38; Development in Information Retrieval},
 series = {SIGIR '14},
 year = {2014},
 isbn = {978-1-4503-2257-7},
 location = {Gold Coast, Queensland, Australia},
 pages = {863--866},
 numpages = {4},
 url = {http://doi.acm.org/10.1145/2600428.2609460},
 doi = {10.1145/2600428.2609460},
 acmid = {2609460},
 publisher = {ACM},
 address = {New York, NY, USA},
 keywords = {bm25, relational databases},
}

@inproceedings{adcs14,
 author = {Andrew Trotman and Antti Puurula and Blake Burgess},
 title = {Improvements to BM25 and Language Models Examined},
 booktitle = {Proceedings of the 19th Australasian Document Computing Symposium},
 series = {ADCS '14},
 year = {2014},
 numpages = {9},
 url = {http://doi.acm.org/10.1145/2600428.2609460},
 doi = {10.1145/2600428.2609460},
 acmid = {2609460},
 publisher = {ACM},
 address = {Melbourne, VIC, Australia},
 keywords = {bm25, relational databases},
}

@inproceedings{Gollub:2012:OIT:2348283.2348501,
 author = {Gollub, Tim and Stein, Benno and Burrows, Steven},
 title = {Ousting Ivory Tower Research: Towards a Web Framework for Providing Experiments As a Service},
 booktitle = {Proceedings of the 35th International ACM SIGIR Conference on Research and Development in Information Retrieval},
 series = {SIGIR '12},
 year = {2012},
 isbn = {978-1-4503-1472-5},
 location = {Portland, Oregon, USA},
 pages = {1125--1126},
 numpages = {2},
 url = {http://doi.acm.org/10.1145/2348283.2348501},
 doi = {10.1145/2348283.2348501},
 acmid = {2348501},
 publisher = {ACM},
 address = {New York, NY, USA},
 keywords = {experiment management, open evaluation, result dissemination},
}

@article{Hopfgartner:2015:REE:2795403.2795416,
 author = {Hopfgartner, Frank and Hanbury, Allan and M\"{u}ller, Henning and Kando, Noriko and Mercer, Simon and Kalpathy-Cramer, Jayashree and Potthast, Martin and Gollub, Tim and Krithara, Anastasia and Lin, Jimmy and Balog, Krisztian and Eggel, Ivan},
 title = {Report on the Evaluation-as-a-Service (EaaS) Expert Workshop},
 journal = {SIGIR Forum},
 issue_date = {June 2015},
 volume = {49},
 number = {1},
 month = jun,
 year = {2015},
 issn = {0163-5840},
 pages = {57--65},
 numpages = {9},
 url = {http://doi.acm.org/10.1145/2795403.2795416},
 doi = {10.1145/2795403.2795416},
 acmid = {2795416},
 publisher = {ACM},
 address = {New York, NY, USA},
} 

@article{Lin:2013:ESI:2568388.2568390,
 author = {Lin, Jimmy and Efron, Miles},
 title = {Evaluation As a Service for Information Retrieval},
 journal = {SIGIR Forum},
 issue_date = {December 2013},
 volume = {47},
 number = {2},
 month = jan,
 year = {2013},
 issn = {0163-5840},
 pages = {8--14},
 numpages = {7},
 url = {http://doi.acm.org/10.1145/2568388.2568390},
 doi = {10.1145/2568388.2568390},
 acmid = {2568390},
 publisher = {ACM},
 address = {New York, NY, USA},
}

@inproceedings{Lin:2014:ISE:2567948.2577014,
 author = {Lin, Jimmy and Efron, Miles},
 title = {Infrastructure Support for Evaluation As a Service},
 booktitle = {Proceedings of the 23rd International Conference on World Wide Web},
 series = {WWW '14 Companion},
 year = {2014},
 isbn = {978-1-4503-2745-9},
 location = {Seoul, Korea},
 pages = {79--82},
 numpages = {4},
 url = {http://doi.acm.org/10.1145/2567948.2577014},
 doi = {10.1145/2567948.2577014},
 acmid = {2577014},
 publisher = {ACM},
 address = {New York, NY, USA},
 keywords = {TREC microblog, tweet search},
}

@inproceedings{Lagun:2011:VEL:2009916.2009967,
 author = {Lagun, Dmitry and Agichtein, Eugene},
 title = {ViewSer: Enabling Large-scale Remote User Studies of Web Search Examination and Interaction},
 booktitle = {Proceedings of the 34th International ACM SIGIR Conference on Research and Development in Information Retrieval},
 series = {SIGIR '11},
 year = {2011},
 isbn = {978-1-4503-0757-4},
 location = {Beijing, China},
 pages = {365--374},
 numpages = {10},
 url = {http://doi.acm.org/10.1145/2009916.2009967},
 doi = {10.1145/2009916.2009967},
 acmid = {2009967},
 publisher = {ACM},
 address = {New York, NY, USA},
 keywords = {remote user studies, web search behavior, web search evaluation},
}

@article{Downie08,
    author = {Downie, Stephen J.},
    citeulike-article-id = {4168283},
    journal = {Acoustical Science and Technology},
    keywords = {mir-evaluation},
    number = {4},
    pages = {247--255},
    posted-at = {2009-03-12 12:29:00},
    priority = {2},
    title = {{The music information retrieval evaluation exchange (2005--2007): A window into music information retrieval research}},
    volume = {29},
    year = {2008}
}

@Inbook{Agosti2012,
author="Agosti, Maristella
and Buccio, Emanuele
and Ferro, Nicola
and Masiero, Ivano
and Peruzzo, Simone
and Silvello, Gianmaria",
editor="Catarci, Tiziana
and Forner, Pamela
and Hiemstra, Djoerd
and Pe{\~{n}}as, Anselmo
and Santucci, Giuseppe",
chapter="DIRECTions: Design and Specification of an IR Evaluation Infrastructure",
title="Information Access Evaluation. Multilinguality, Multimodality, and Visual Analytics: Third International Conference of the CLEF Initiative, CLEF 2012, Rome, Italy, September 17-20, 2012. Proceedings",
year="2012",
publisher="Springer Berlin Heidelberg",
address="Berlin, Heidelberg",
pages="88--99",
isbn="978-3-642-33247-0",
doi="10.1007/978-3-642-33247-0_11",
url="http://dx.doi.org/10.1007/978-3-642-33247-0_11"
}

@inproceedings{conf/ecir/LinCTCCFIMV16,
  added-at = {2016-03-11T00:00:00.000+0100},
  author = {Lin, Jimmy and Crane, Matt and Trotman, Andrew and Callan, Jamie and Chattopadhyaya, Ishan and Foley, John and Ingersoll, Grant and MacDonald, Craig and Vigna, Sebastiano},
  biburl = {http://www.bibsonomy.org/bibtex/2b06f9b9b4b5f0536a86d3bbaa5dc22a2/dblp},
  booktitle = {ECIR},
  crossref = {conf/ecir/2016},
  editor = {Ferro, Nicola and Crestani, Fabio and Moens, Marie-Francine and Mothe, Josiane and Silvestri, Fabrizio and Nunzio, Giorgio Maria Di and Hauff, Claudia and Silvello, Gianmaria},
  ee = {http://dx.doi.org/10.1007/978-3-319-30671-1_30},
  interhash = {bed46440bf62f60d187c37baa6d2dc06},
  intrahash = {b06f9b9b4b5f0536a86d3bbaa5dc22a2},
  isbn = {978-3-319-30670-4},
  keywords = {dblp},
  pages = {408-420},
  publisher = {Springer},
  series = {Lecture Notes in Computer Science},
  timestamp = {2016-03-12T11:42:28.000+0100},
  title = {Toward Reproducible Baselines: The Open-Source IR Reproducibility Challenge.},
  url = {http://dblp.uni-trier.de/db/conf/ecir/ecir2016.html#LinCTCCFIMV16},
  volume = 9626,
  year = 2016
}

@inproceedings{Hanbury:2010:ACE:1889174.1889194,
 author = {Hanbury, Allan and M\"{u}ller, Henning},
 title = {Automated Component-level Evaluation: Present and Future},
 booktitle = {Proceedings of the 2010 International Conference on Multilingual and Multimodal Information Access Evaluation: Cross-language Evaluation Forum},
 series = {CLEF'10},
 year = {2010},
 isbn = {3-642-15997-4, 978-3-642-15997-8},
 location = {Padua, Italy},
 pages = {124--135},
 numpages = {12},
 url = {http://dl.acm.org/citation.cfm?id=1889174.1889194},
 acmid = {1889194},
 publisher = {Springer-Verlag},
 address = {Berlin, Heidelberg},
}


